<record><leader>00000cas a2200000Ma 4500</leader><controlfield tag="001">233143872</controlfield><controlfield tag="006">m     o  d        </controlfield><controlfield tag="007">cr |n|||||||||</controlfield><controlfield tag="008">020930c20019999fludr nso     0    0eng d</controlfield><datafield ind1=" " ind2=" " tag="010"><subfield code="a">sn2002058143</subfield></datafield><datafield ind1=" " ind2=" " tag="040"><subfield code="a">NUI</subfield><subfield code="b">eng</subfield><subfield code="c">NUI</subfield><subfield code="d">OCLCQ</subfield><subfield code="d">UX0</subfield><subfield code="d">OCLCF</subfield><subfield code="d">OCLCO</subfield><subfield code="d">OCLCQ</subfield></datafield><datafield ind1=" " ind2=" " tag="043"><subfield code="a">n-us-fl</subfield></datafield><datafield ind1="1" ind2="0" tag="082"><subfield code="a">051</subfield><subfield code="2">14</subfield></datafield><datafield ind1="0" ind2=" " tag="130"><subfield code="a">Dayton Beach news-journal (2001 : Online)</subfield></datafield><datafield ind1="1" ind2="4" tag="245"><subfield code="a">The Daytona Beach news-journal.</subfield></datafield><datafield ind1=" " ind2=" " tag="260"><subfield code="a">Daytona Beach, Fla. :</subfield><subfield code="b">G.M. Kaney,</subfield><subfield code="c">2001-</subfield></datafield><datafield ind1=" " ind2=" " tag="310"><subfield code="a">Daily</subfield></datafield><datafield ind1=" " ind2=" " tag="336"><subfield code="a">text</subfield><subfield code="b">txt</subfield><subfield code="2">rdacontent</subfield></datafield><datafield ind1=" " ind2=" " tag="337"><subfield code="a">computer</subfield><subfield code="b">c</subfield><subfield code="2">rdamedia</subfield></datafield><datafield ind1=" " ind2=" " tag="338"><subfield code="a">online resource</subfield><subfield code="b">cr</subfield><subfield code="2">rdacarrier</subfield></datafield><datafield ind1="0" ind2=" " tag="362"><subfield code="a">Vol. 76, no. 273 (Sept. 30, 2001)-</subfield></datafield><datafield ind1=" " ind2=" " tag="530"><subfield code="a">Also issued in print.</subfield></datafield><datafield ind1=" " ind2=" " tag="538"><subfield code="a">Mode of access: World Wide Web.</subfield></datafield><datafield ind1=" " ind2="0" tag="651"><subfield code="a">Daytona Beach (Fla.)</subfield><subfield code="v">Newspapers.</subfield></datafield><datafield ind1=" " ind2="7" tag="651"><subfield code="a">Florida</subfield><subfield code="z">Daytona Beach.</subfield><subfield code="2">fast</subfield><subfield code="0">(OCoLC)fst01202733</subfield></datafield><datafield ind1=" " ind2="7" tag="655"><subfield code="a">Newspapers.</subfield><subfield code="2">fast</subfield><subfield code="0">(OCoLC)fst01423814</subfield></datafield><datafield ind1=" " ind2=" " tag="752"><subfield code="a">United States</subfield><subfield code="b">Florida</subfield><subfield code="c">Volusia</subfield><subfield code="d">Daytona Beach.</subfield></datafield><datafield ind1="0" ind2=" " tag="775"><subfield code="t">Flagler/Palm Coast news tribune</subfield><subfield code="w">(DLC)sn 95047252</subfield><subfield code="w">(OCoLC)33425665</subfield></datafield><datafield ind1="0" ind2="0" tag="780"><subfield code="t">News-journal (Daytona Beach, Fla.)</subfield><subfield code="w">(DLC)sn 94057790</subfield><subfield code="w">(OCoLC)30711606</subfield></datafield><datafield ind1="4" ind2="0" tag="856"><subfield code="u">http://infolink.lib.uiowa.edu:8080/sfx_local?sid=ALEPH:SFX&amp;rft.object_id=1000000000215986&amp;</subfield></datafield><datafield ind1="1" ind2=" " tag="029"><subfield code="a">AU@</subfield><subfield code="b">000043707566</subfield></datafield><datafield ind1="1" ind2=" " tag="029"><subfield code="a">AU@</subfield><subfield code="b">000043821114</subfield></datafield><datafield ind1="1" ind2=" " tag="029"><subfield code="a">AU@</subfield><subfield code="b">000044916777</subfield></datafield><datafield ind1="1" ind2=" " tag="029"><subfield code="a">AU@</subfield><subfield code="b">000045703351</subfield></datafield><datafield ind1="1" ind2=" " tag="029"><subfield code="a">AU@</subfield><subfield code="b">000050491429</subfield></datafield><datafield ind1="1" ind2=" " tag="029"><subfield code="a">NZ1</subfield><subfield code="b">14809548</subfield></datafield></record>